@article{fama1997,
  title={Industry costs of equity},
  author={Fama, Eugene F and French, Kenneth R},
  journal={Journal of financial economics},
  volume={43},
  number={2},
  pages={153--193},
  year={1997},
  publisher={Elsevier}
}

@article{oberholzer2015univariate,
  title={Univariate GARCH models applied to the JSE/FTSE stock indices},
  author={Oberholzer, Niel and Venter, Pierre},
  journal={Procedia Economics and Finance},
  volume={24},
  pages={491--500},
  year={2015},
  publisher={Elsevier}
}

@article{carstens2020pull,
  title={Pull and Push Factors as Determinants of Foreign REIT Investments},
  author={Carstens, Ri{\"e}tte and Freybote, Julia},
  journal={Journal of Real Estate Portfolio Management},
  volume={25},
  number={2},
  pages={151--171},
  year={2020},
  publisher={Taylor \& Francis}
}

@article{ntuli2017overview,
  title={An overview of the initial performance of the South African REIT market},
  author={Ntuli, Mpilo and Akinsomi, Omokolade},
  journal={Journal of Real Estate Literature},
  volume={25},
  number={2},
  pages={365--388},
  year={2017},
  publisher={Taylor \& Francis}
}

@article{ijasan2017anti,
  title={Anti-persistence and long-memory behaviour of SAREITs},
  author={Ijasan, Kolawole and Tweneboah, George and Mensah, Jones Odei},
  journal={Journal of Property Investment \& Finance},
  volume={35},
  number={4},
  pages={356--368},
  year={2017},
  publisher={Emerald Publishing Limited}
}


@article{grinold2000,
  title={Active portfolio management},
  author={Grinold, Richard C and Kahn, Ronald N},
  year={2000},
  publisher={McGraw Hill New York, NY}
}


  @Manual{Texevier,
    title = {{Texevier}: {P}ackage to create Elsevier templates for Rmarkdown},
    author = {N.F. Katzke},
    organization = {Bureau for Economic Research},
    address = {Stellenbosch, South Africa},
    note = {version 0.1.2},
    year = {2017},
  }

  @article{engle2002,
  title={Dynamic conditional correlation: A simple class of multivariate generalized autoregressive conditional heteroskedasticity models},
  author={Engle, Robert},
  journal={Journal of Business \& Economic Statistics},
  volume={20},
  number={3},
  pages={339--350},
  year={2002},
  publisher={Taylor \& Francis}
}

@article{cappiello2006,
  title={Asymmetric dynamics in the correlations of global equity and bond returns},
  author={Cappiello, Lorenzo and Engle, Robert F and Sheppard, Kevin},
  journal={Journal of Financial econometrics},
  volume={4},
  number={4},
  pages={537--572},
  year={2006},
  publisher={Oxford University Press}
}


  @article{katzke2013,
  title={South African Sector Return Correlations: using DCC and ADCC Multivariate GARCH techniques to uncover the underlying dynamics},
  author={Katzke, Niko and others},
  journal={South African Sector Return Correlations: using DCC and ADCC Multivariate GARCH techniques to uncover the underlying dynamics},
  pages={10--17},
  year={2013}
}

@book{tsay2013,
  title={Multivariate time series analysis: with R and financial applications},
  author={Tsay, Ruey S},
  year={2013},
  publisher={John Wiley \& Sons}
}


